
@article{andyg,
  author  = {Goldschmidt, Andy},
  title   = {ImageData, Dataset.},
  howpublished = {\url{https://doi.org/10.6084/m9.figshare.15040353.v1}},
  journal = {figshare},
  year    = {2022},
}


@misc{amidi_rnn_cheatsheet,
  author       = {Amidi, Shervine and Amidi, Afshine},
  title        = {CS 230 - Recurrent Neural Networks Cheat Sheet},
  year         = {2019},
  howpublished = {\url{https://stanford.edu/~shervine/teaching/cs-230/cheatsheet-recurrent-neural-networks}},
  note         = {Accessed: 2025-05-13}
}


@book{bishop2024deep,
  title     = {Deep Learning: Foundations and Concepts},
  author    = {Bishop, Christopher M. and Bishop, Hugh},
  year      = {2024},
  publisher = {Springer},
  address   = {Cham},
  isbn      = {978-3-031-42466-8},
  note      = {}
}



@book{Goodfellow-et-al-2016,
  title        = {Deep Learning},
  author       = {Goodfellow, Ian and Bengio, Yoshua and Courville, Aaron},
  booktitle    = {Deep Learning},
  pages        = {200--217},
  publisher    = {MIT Press},
  year         = {2016},
  url          = {https://www.deeplearningbook.org},

}


@article{ruder2016overview,
  title={An overview of gradient descent optimization algorithms},
  author={Ruder, Sebastian},
  journal={arXiv preprint arXiv:1609.04747},
  year={2016},
  url={https://arxiv.org/abs/1609.04747}
}


@article{joseph2022slime,
  author    = {Joseph, Dana and Hamon, Guillaume and Jones, Benjamin and Siegel, Joel and Tero, Atsushi and Adamatzky, Andrew},
  title     = {Stepwise slime mould growth as a template for urban design},
  journal   = {Scientific Reports},
  volume    = {12},
  year      = {2022},
  articleno = {1322},
  publisher = {Nature Publishing Group},
  doi       = {10.1038/s41598-022-05439-w},
  url       = {https://www.nature.com/articles/s41598-022-05439-w}
}

@article{10.1145/357994.358023,
author = {Zhang, T. Y. and Suen, C. Y.},
title = {A fast parallel algorithm for thinning digital patterns},
year = {1984},
issue_date = {March 1984},
publisher = {Association for Computing Machinery},
address = {New York, NY, USA},
volume = {27},
number = {3},
issn = {0001-0782},
url = {https://doi.org/10.1145/357994.358023},
doi = {10.1145/357994.358023},
journal = {Commun. ACM},
month = mar,
pages = {236–239},
numpages = {4},
keywords = {parallel algorithm, skeletonization, thinning of digital patterns}
}

@misc{glosser_ann,
  author       = {Glosser.ca},
  title        = {Colored neural network},
  year         = {2013},
  url          = {https://commons.wikimedia.org/wiki/File:Colored_neural_network.svg},
  note         = {Licensed under CC BY-SA 3.0},
}

@misc{maxpool_cs_wiki,
  author       = {FirelordPhoenix},
  title        = {MaxpoolSample2.png},
  howpublished = {\url{https://computersciencewiki.org/index.php/File:MaxpoolSample2.png}},
  note         = {Accessed June 2, 2025},
  year         = {2018}
}



@inproceedings{Shi2015ConvolutionalLN,
  title={Convolutional LSTM Network: A Machine Learning Approach for Precipitation Nowcasting},
  author={Xingjian Shi and Zhourong Chen and Hao Wang and D. Y. Yeung and Wai-Kin Wong and Wang-chun Woo},
  booktitle={Neural Information Processing Systems},
  year={2015},
  url={https://api.semanticscholar.org/CorpusID:6352419}
}


@misc{gagarahn2025bachelor,
  author       = {Hans-Christian Møller Zerrahn},
  title        = {Bachelor Thesis: Code Repository},
  year         = {2025},
  url          = {https://github.com/Gagarahn/bachelor_thesis/blob/main/README.md},
  howpublished = {\url{https://github.com/Gagarahn/bachelor_thesis/blob/main/README.md}},
  note         = {GitHub repository. Accessed June 3, 2025}
}


@misc{scikitimage2025gray,
  author       = {{scikit-image developers}},
  title        = {gray.py, lines 443--517},
  howpublished = {\url{https://github.com/scikit-image/scikit-image/blob/v0.25.2/skimage/morphology/gray.py#L443-L517}},
  note         = {Accessed: 2025-06-05},
  year         = {2025}
}


@misc{scikitimage2025gray_dilation,
  author       = {{scikit-image developers}},
  title        = {gray.py, lines 245--363},
  howpublished = {\url{https://github.com/scikit-image/scikit-image/blob/v0.25.2/skimage/morphology/gray.py#L245-L363}},
  note         = {Accessed: 2025-06-05},
  year         = {2025}
}
